<?xml version="1.0" encoding="UTF-8"?><collection xmlns="http://www.loc.gov/MARC21/slim"><record><leader>00522nam--2200133-i-4500</leader><controlfield tag="001">000015286</controlfield><controlfield tag="002">20161230</controlfield><controlfield tag="005">20161230201031</controlfield><controlfield tag="008">060222s1000------------r-----000-0-eng-d</controlfield><datafield ind1=" " ind2=" " tag="080"><subfield code="a">681.5:681.3</subfield></datafield><datafield ind1=" " ind2=" " tag="245"><subfield code="a">Cibernetica sistemelor industriale.ciclu speci al al comisiei de cibernetica a academiei rsr(1).sisteme informatice si produse-program.cicl u al institutului central pentru conducere si informatica(1)</subfield></datafield><datafield ind1=" " ind2=" " tag="260"><subfield code="a">Bucuresti, Editura Tehnica, 1984. 240 P</subfield></datafield><datafield ind1=" " ind2=" " tag="490"><subfield code="a">Automatica.Management.Calculatoare</subfield></datafield><datafield ind1=" " ind2=" " tag="852"><subfield code="a">9803</subfield></datafield></record></collection>